@ARTICLE{Simmons2011-za,
  title     = "False-positive psychology: Undisclosed flexibility in data
               collection and analysis allows presenting anything as
               significant",
  author    = "Simmons, Joseph P and Nelson, Leif D and Simonsohn, Uri",
  journal   = "Psychol. Sci.",
  publisher = "Sage Publications Sage CA: Los Angeles, CA",
  volume    =  22,
  number    =  11,
  pages     = "1359--1366",
  year      =  2011,
  url       = "http://journals.sagepub.com/doi/abs/10.1177/0956797611417632",
  issn      = "0956-7976"
}
