 @ARTICLE{Gilmore2016-sd,
   title    = "Children's Brain Responses to Optic Flow Vary by Pattern Type and
               Motion Speed",
   author   = "Gilmore, Rick O and Thomas, Amanda L and Fesi, Jeremy",
   journal  = "PloS one",
   volume   =  11,
   number   =  6,
   pages    = "e0157911",
   month    =  jun,
   year     =  2016,
   url      = "http://journals.plos.org/plosone/article?id=10.1371/journal.pone.0157911",
   keywords = "Adults; behavior; Cognitive science; Electroencephalography; Eye
               movements; eye movements; Infants; Scanning electron microscopy;
               Vision",
   issn     = "1932-6203",
   doi      = "10.1371/journal.pone.0157911"
 }

@ARTICLE{Gilmore2007-od,
   title    = "Development of cortical responses to optic flow",
   author   = "Gilmore, Rick O and Hou, C and Pettet, M W and Norcia, A M",
   journal  = "Visual neuroscience",
   volume   =  24,
   number   =  06,
   pages    = "845--856",
   month    =  nov,
   year     =  2007,
   url      = "http://journals.cambridge.org/article_S0952523807070769",
   keywords = "development; Development; Human; Infants; infants; Optic flow;
               optic flow; V5/MT+",
   issn     = "0952-5238, 1469-8714",
   doi      = "10.1017/S0952523807070769"
 }
 
 @ARTICLE{Hou2009-iz,
   title    = "Spatio-temporal tuning of coherent motion evoked responses in
               4--6 month old infants and adults",
   author   = "Hou, C and Gilmore, R O and Pettet, M W and Norcia, A M",
   journal  = "Vision research",
   volume   =  49,
   number   =  20,
   pages    = "2509--2517",
   month    =  oct,
   year     =  2009,
   url      = "http://www.sciencedirect.com/science/article/pii/S0042698909003666",
   keywords = "Adolescent; Adult; Aging; Cues; Electroencephalography; Evoked
               Potentials, Visual; Humans; Infant; Infant vision; Middle Aged;
               Motion coherence; Motion Perception; Pattern Recognition, Visual;
               Photic Stimulation; Signal Processing, Computer-Assisted; Visual
               Cortex; visual cortex; Visual development; Visual evoked
               potentials; Young Adult",
   issn     = "0042-6989",
   pmid     = "19679146",
   doi      = "10.1016/j.visres.2009.08.007"
 }
 